<record><leader>00000cas a2200000 a 4500</leader><controlfield tag="001">10205935</controlfield><controlfield tag="008">831209d18831888msuwr ne      0   a0eng  </controlfield><datafield ind1=" " ind2=" " tag="010"><subfield code="a">sn 83016925 </subfield></datafield><datafield ind1=" " ind2=" " tag="040"><subfield code="a">DLC</subfield><subfield code="b">eng</subfield><subfield code="c">DLC</subfield><subfield code="d">PPM</subfield><subfield code="d">MSJ</subfield><subfield code="d">CRL</subfield><subfield code="d">MGN</subfield><subfield code="d">OCLCQ</subfield><subfield code="d">DLC</subfield><subfield code="d">OCLCQ</subfield><subfield code="d">OCLCO</subfield><subfield code="d">OCLCF</subfield><subfield code="d">CUS</subfield><subfield code="d">DLC</subfield></datafield><datafield ind1="0" ind2=" " tag="022"><subfield code="a">2469-3588</subfield><subfield code="2">1</subfield></datafield><datafield ind1=" " ind2=" " tag="042"><subfield code="a">pcc</subfield><subfield code="a">nsdp</subfield></datafield><datafield ind1=" " ind2=" " tag="043"><subfield code="a">n-us-ms</subfield></datafield><datafield ind1="0" ind2="0" tag="050"><subfield code="a">Newspaper</subfield></datafield><datafield ind1="1" ind2="4" tag="050"><subfield code="a">AN</subfield></datafield><datafield ind1="1" ind2="0" tag="082"><subfield code="a">071</subfield><subfield code="2">23</subfield></datafield><datafield ind1="0" ind2=" " tag="130"><subfield code="a">Clarion (Jackson, Miss.)</subfield></datafield><datafield ind1=" " ind2="4" tag="222"><subfield code="a">The clarion</subfield><subfield code="b">(Jackson, Miss. Print)</subfield></datafield><datafield ind1="1" ind2="4" tag="245"><subfield code="a">The clarion.</subfield></datafield><datafield ind1=" " ind2=" " tag="260"><subfield code="a">Jackson, Miss. :</subfield><subfield code="b">Power &amp; Barksdale,</subfield><subfield code="c">1883-1888.</subfield></datafield><datafield ind1=" " ind2=" " tag="300"><subfield code="a">6 v. :</subfield><subfield code="b">ill. (chiefly advertisements) ;</subfield><subfield code="c">59 cm.</subfield></datafield><datafield ind1=" " ind2=" " tag="310"><subfield code="a">Weekly</subfield></datafield><datafield ind1="0" ind2=" " tag="362"><subfield code="a">Vol. 46, no. 1 (Jan. 3, 1883)-v. 51, no. 49 (Jan. 11, 1888).</subfield></datafield><datafield ind1=" " ind2=" " tag="500"><subfield code="a">Democratic. Cf. Ayer, 1889.</subfield></datafield><datafield ind1=" " ind2=" " tag="500"><subfield code="a">Publisher: J. L. Power, &lt;January 5, 1887&gt;-January 11, 1888.</subfield></datafield><datafield ind1=" " ind2=" " tag="530"><subfield code="a">Also issued on microfilm from the Library of Congress, Photoduplication Service.</subfield></datafield><datafield ind1=" " ind2=" " tag="530"><subfield code="a">Archived issues are available in digital format from the Library of Congress Chronicling America online collection.</subfield></datafield><datafield ind1=" " ind2=" " tag="580"><subfield code="a">Daily ed.: Daily clarion (Jackson, Miss. : 1866).</subfield></datafield><datafield ind1=" " ind2=" " tag="580"><subfield code="a">Merged with: State ledger (Jackson, Miss.), to form: Clarion ledger (Jackson, Miss. : 1888).</subfield></datafield><datafield ind1=" " ind2="0" tag="651"><subfield code="a">Jackson (Miss.)</subfield><subfield code="v">Newspapers.</subfield></datafield><datafield ind1=" " ind2="7" tag="651"><subfield code="a">Mississippi</subfield><subfield code="z">Jackson.</subfield><subfield code="2">fast</subfield><subfield code="0">(OCoLC)fst01205500</subfield></datafield><datafield ind1=" " ind2="7" tag="655"><subfield code="a">Newspapers.</subfield><subfield code="2">fast</subfield><subfield code="0">(OCoLC)fst01423814</subfield></datafield><datafield ind1=" " ind2=" " tag="752"><subfield code="a">United States</subfield><subfield code="b">Mississippi</subfield><subfield code="c">Hinds</subfield><subfield code="d">Jackson.</subfield></datafield><datafield ind1="1" ind2=" " tag="775"><subfield code="t">Daily clarion (Jackson, Miss. : 1866)</subfield><subfield code="w">(DLC)sn 83045232</subfield></datafield><datafield ind1="0" ind2="8" tag="776"><subfield code="i">Online version:</subfield><subfield code="t">Clarion (Jackson, Miss.)</subfield><subfield code="x">2469-3596</subfield><subfield code="w">(DLC)  2015270579</subfield><subfield code="w">(OCoLC)507436158</subfield></datafield><datafield ind1="0" ind2="0" tag="780"><subfield code="t">Weekly clarion (Meridian, Miss. : 1863)</subfield><subfield code="w">(DLC)sn 83016926</subfield></datafield><datafield ind1="1" ind2="7" tag="785"><subfield code="t">State ledger (Jackson, Miss.)</subfield><subfield code="w">(DLC)sn 87065280</subfield></datafield><datafield ind1="1" ind2="7" tag="785"><subfield code="t">Clarion ledger (Jackson, Miss. : 1888)</subfield><subfield code="w">(DLC)sn 83016927</subfield></datafield><datafield ind1="4" ind2="1" tag="856"><subfield code="3">01/06/1886 to 01/11/1888</subfield><subfield code="u">http://infoweb.newsbank.com/?db=EANX&amp;s_browseRef=decades/11060C318238E8A0/all.xml</subfield></datafield><datafield ind1="4" ind2="1" tag="856"><subfield code="u">http://www.loc.gov/chroniclingamerica/lccn/sn83016925/issues</subfield></datafield><datafield ind1="1" ind2=" " tag="029"><subfield code="a">AU@</subfield><subfield code="b">000020409397</subfield></datafield></record>